@string{I = {Ind. Eng. Chem. Res.}}%
@string{F = {Fuel}}%
@string{EF = {Energy \& Fuels}} %
@string{CF = {Comb. \& Flame}}%
@string{EST = {Environ. Sci. Technol.}} %
@string{JAP = {J. Appl.Polym. Sci.}} %
@string{CJC = { Can. J. Chem. Eng.}} %
@string{JAA ={J. Anal. Appl. Pyrolysis.}} %
@string{JPS = {J. Polym. Sci. A}}%
@string{CST = {Combust. Sci. Tech.}} %
@string{C = {Carbon}}%
@string{Aiche = {AIChE J.}}%
@string{CES = {Chem. Eng. Sci.}}%
@string{JFM ={ J. Fluid. Mech.}}%

@INPROCEEDINGS{AG01,
author = {Antal, M.J.J.},
title = {Biomass Pyrolysis: A Review of the Literature Part 1 - Carbohydrate Pyrolysis},
booktitle = {Advances in Solar Energy Vol. 1 American Solar Energy Society},
year = {1982},
pages = {61-111}
}
@ARTICLE{AG12,
 author={Thurner, F. and Mann, U.},
 title={Kinetic Investigation of Wood Pyrolysis},
 journal= I,
 volume={20},
 year={1981},
 pages={482-488}
 }
@TECHREPORT{AG52,
  author ={Rinc\'{o}n, S.L.},
  title ={Herstellung von Aktivkohle aus Biogenen Reststoffen zum Einsatz in der Rauchgasreinigung},
  institution ={Institut f\"{u}r Thermische Energietechnik, Universit\"{a}t Kassel},
  year ={1999},
  pages={38},
}
@PHDTHESIS{AG70,
 author={Wiest, W.},
 title={Zur Pyrolyse von Biomasse im Drehrohrreaktor},
 school={Universit\"{a}t Gesamthochschule Kassel},
 type={Tesis de Doctorado},
 year={1998},
 address={Kassel}
 }
@BOOK{AG08a,
 author={Gregg, S.J. and Sing, K.S.W.},
 title={Adsorption, Surface Area and Porosity},
 publisher={Academic Press},
 address={London},
 year={1982},
 }
@BOOK{AG09a,
 editor={Marsh, H. and Heintz E.A. and Rodriguez-Reinoso, F.},
 title={Introduction to Carbon Technologies},
 publisher={Universidad de Alicante},
 address={Alicante},
 year={1997},
 }
@MASTERSTHESIS{AG36a,
 author={G\'{o}mez, Adriana},
 title={Investigaci\'{o}n del Proceso de Gasificaci\'{o}n de Biomasa en un Gasificador en Paralelo},
 school={Universidad Nacional de Colombia},
 year={2002},
 }
@MISC{AG01i,
 author={International Energy Agency, IEA},
 title={Needs for Renewables 2001: Developing a New Generation of Sustainable Energy Technologies},
 year={2001},
 pages={48}
 }
@MISC{AG02i,
 author={International Energy Agency, IEA},
 title={Renewables in Global Energy Supply},
 year={2007},
 pages={34}
 }
@BOOK{AG03p,
 author={Franke, G.},
 title={Nutzpflanzen der Tropen und Subtropen},
 publisher={UTB},
 address={Stuttgart},
 year={1994},
 }
@BOOK{AG04p,
 author={Hartley, C.W.S.},
 title={The Oil Palm},
 publisher={Longman},
 address={London},
 year={1977},
 }
 
 
% /////////////////////////////////////
% autonomous driving

@BOOK{peter,
  author={Peter Hart. Shakey},
  title={the world’s first mobile, intelligent robot},
  year={2015},
  volume={},
  number={},
  pages={},
  doi={}}
  
 @article{Taeihagh_2018,
   title={Governing autonomous vehicles: emerging responses for safety, liability, privacy, cybersecurity, and industry risks},
   volume={39},
   ISSN={1464-5327},
   url={http://dx.doi.org/10.1080/01441647.2018.1494640},
   DOI={10.1080/01441647.2018.1494640},
   number={1},
   journal={Transport Reviews},
   publisher={Informa UK Limited},
   author={Taeihagh, Araz and Lim, Hazel Si Min},
   year={2018},
   month={Jul},
   pages={103–128}
}


@article{Thrun2010TowardRC,
  title={Toward robotic cars},
  author={S. Thrun},
  journal={Commun. ACM},
  year={2010},
  volume={53},
  pages={99-106}
}
 
 
 
 @ARTICLE{8957499,
  author={J. {Hu} and P. {Bhowmick} and F. {Arvin} and A. {Lanzon} and B. {Lennox}},
  journal={IEEE Robotics and Automation Letters}, 
  title={Cooperative Control of Heterogeneous Connected Vehicle Platoons: An Adaptive Leader-Following Approach}, 
  year={2020},
  volume={5},
  number={2},
  pages={977-984},
  doi={10.1109/LRA.2020.2966412}}
  

@INPROCEEDINGS{811692,
  author={S. K. {Gehrig} and F. J. {Stein}},
  booktitle={Proceedings 1999 IEEE/RSJ International Conference on Intelligent Robots and Systems. Human and Environment Friendly Robots with High Intelligence and Emotional Quotients (Cat. No.99CH36289)}, 
  title={Dead reckoning and cartography using stereo vision for an autonomous car}, 
  year={1999},
  volume={3},
  number={},
  pages={1507-1512 vol.3},
  doi={10.1109/IROS.1999.811692}}
  
  
  
  
% ////////////////////////////////////
% control strategies
@ARTICLE{506394,
  author={S. {Bennett}},
  journal={IEEE Control Systems Magazine}, 
  title={A brief history of automatic control}, 
  year={1996},
  volume={16},
  number={3},
  pages={17-25},
  doi={10.1109/37.506394}}
 
 
%  ///////////////////////////////////
% graph theory
@book{magnus,
 ISBN = {9780691140612},
 URL = {http://www.jstor.org/stable/j.ctt1287k9b},
 author = {Mehran Mesbahi and Magnus Egerstedt},
 edition = {STU - Student edition},
 publisher = {Princeton University Press},
 title = {Graph Theoretic Methods in Multiagent Networks},
 year = {2010}
}

@article{olfati2006flocking,
  title={Flocking for multi-agent dynamic systems: Algorithms and theory},
  author={Olfati-Saber, Reza},
  journal={IEEE Transactions on automatic control},
  volume={51},
  number={3},
  pages={401--420},
  year={2006},
  publisher={IEEE}
}

@article{fax2004information,
  title={Information flow and cooperative control of vehicle formations},
  author={Fax, J Alexander and Murray, Richard M},
  journal={IEEE transactions on automatic control},
  volume={49},
  number={9},
  pages={1465--1476},
  year={2004},
  publisher={IEEE}
}


@article{ren2007information,
  title={Information consensus in multivehicle cooperative control},
  author={Ren, Wei and Beard, Randal W and Atkins, Ella M},
  journal={IEEE Control systems magazine},
  volume={27},
  number={2},
  pages={71--82},
  year={2007},
  publisher={IEEE}
}

@article{nedic2009distributed,
  title={Distributed subgradient methods for multi-agent optimization},
  author={Nedic, Angelia and Ozdaglar, Asuman},
  journal={IEEE Transactions on Automatic Control},
  volume={54},
  number={1},
  pages={48--61},
  year={2009},
  publisher={IEEE}
}


@ARTICLE{Constconsens,
  author={A. {Nedic} and A. {Ozdaglar} and P. A. {Parrilo}},
  journal={IEEE Transactions on Automatic Control}, 
  title={Constrained Consensus and Optimization in Multi-Agent Networks}, 
  year={2010},
  volume={55},
  number={4},
  pages={922-938},
  doi={10.1109/TAC.2010.2041686}}

% //Model Predictive Control ////////////
@article{GARCIA1989335,
title = {Model predictive control: Theory and practice—A survey},
journal = {Automatica},
volume = {25},
number = {3},
pages = {335-348},
year = {1989},
issn = {0005-1098},
doi = {https://doi.org/10.1016/0005-1098(89)90002-2},
url = {https://www.sciencedirect.com/science/article/pii/0005109889900022},
author = {Carlos E. García and David M. Prett and Manfred Morari},
keywords = {Computer control, predictive control, process control, quadratic programming, (constrained control)}
}

@article{MAYNE2000789,
title = {Constrained model predictive control: Stability and optimality},
journal = {Automatica},
volume = {36},
number = {6},
pages = {789-814},
year = {2000},
issn = {0005-1098},
doi = {https://doi.org/10.1016/S0005-1098(99)00214-9},
url = {https://www.sciencedirect.com/science/article/pii/S0005109899002149},
author = {D.Q. Mayne and J.B. Rawlings and C.V. Rao and P.O.M. Scokaert},
keywords = {Model predictive control, Stability, Optimality, Robustness}}



% Game theory-------------------
@inbook{nash_novel,
author = {Nash, John},
year = {2020},
month = {11},
pages = {5-13},
title = {THE BARGAINING PROBLEM},
isbn = {9780691011929},
doi = {10.2307/j.ctv173f1fh.7}
}

@article{2t_fe_cooper_game,
author = {Jr, John and Nash, John},
year = {1953},
month = {02},
pages = {128-140},
title = {Two-Person Cooperative Game},
volume = {21},
journal = {Econometrica},
doi = {10.2307/1906951}
}

@article{Marden2018,
author = {Marden, Jason R. and Shamma, Jeff S.},
doi = {10.1146/annurev-control-060117-105102},
issn = {2573-5144},
journal = {Annual Review of Control, Robotics, and Autonomous Systems},
keywords = {distributed control,game theory,learning in games,mechanism design,team games,zero-sum games},
mendeley-groups = {teoria de juegos/Potential Game},
number = {1},
pages = {105--134},
title = {{Game Theory and Control}},
volume = {1},
year = {2018}
}





@article{DMPC,
title = {Game Theory Based Distributed Model Predictive Control for a Hydro-Power Valley Control},
journal = {IFAC Proceedings Volumes},
volume = {46},
number = {13},
pages = {538-544},
year = {2013},
note = {13th IFAC Symposium on Large Scale Complex Systems: Theory and Applications},
issn = {1474-6670},
doi = {https://doi.org/10.3182/20130708-3-CN-2036.00101},
url = {https://www.sciencedirect.com/science/article/pii/S1474667016303135},
author = {Felipe Valencia and Julian Patiño and José D. López and Jairo Espinosa},
}

% @BOOK{Essentials,
%   author={K. {Leyton-Brown} and Y. {Shoham}},
%   booktitle={Essentials of Game Theory: A Concise Multidisciplinary Introduction},
%   year={2008},
%   volume={},
%   number={},
%   pages={},
%   doi={10.2200/S00108ED1V01Y200802AIM003}}
@article{1t_fe,
author = {Nash, John},
year = {1950},
month = {02},
pages = {48-9},
title = {Equilibrium Points in N-Person Games},
volume = {36},
journal = {Proceedings of the National Academy of Sciences of the United States of America}
}


@article{18t_article,
author = {Facchinei, F. and Kanzow, Christian},
year = {2010},
month = {02},
pages = {177-211},
title = {Generalized Nash equilibrium problems},
volume = {175},
journal = {Annals of Operations Research},
doi = {10.1007/s10479-009-0653-x}
}

@article{19t_article,
author = {Facchinei, Francisco and Pang, Jong-Shi},
year = {2009},
month = {01},
pages = {},
title = {Nash equilibria: The variational approach},
isbn = {9780511804458},
journal = {Convex Optimization in Signal Processing and Communications},
doi = {10.1017/CBO9780511804458.013}
}

@article{20t_article,
author = {Facchinei, Francisco and Piccialli, Veronica},
year = {2011},
month = {10},
pages = {237-262},
title = {Decomposition algorithms for generalized potential games},
volume = {50},
journal = {Computational Optimization and Applications},
doi = {10.1007/s10589-010-9331-9}
}

@book{29t_book,
author = {Leyton-Brown, Kevin and Shoham, Yoav},
year = {2008},
month = {01},
pages = {},
title = {Essentials of Game Theory: A Concise Multidisciplinary Introduction},
volume = {2},
isbn = {978-1598295931},
journal = {Synthesis Lectures on Artificial Intelligence and Machine Learning},
doi = {10.2200/S00108ED1V01Y200802AIM003}
}

@phdthesis{30t_phdthesis,
author = {Maestre, J.M.},
year = {2010},
month = {10},
pages = {},
title = {Distributed Model Predictive Control Based on Game Theory}
}

@book{33t_GameTheory2,
 ISBN = {9780674341166},
 URL = {http://www.jstor.org/stable/j.ctvjsf522},
 author = {ROGER B. MYERSON},
 publisher = {Harvard University Press},
 title = {Game Theory: Analysis of Conflict},
 year = {1991}
}

@inproceedings{46t_inproceedings,
author = {Valencia, Felipe and Patiño, Julian},
year = {2013},
month = {07},
pages = {538-544},
title = {Game Theory Based Distributed Model Predictive Control for a Hydro-Power Valley Control},
volume = {46},
isbn = {9783902823397},
journal = {IFAC Proceedings Volumes},
doi = {10.3182/20130708-3-CN-2036.00101}
}

@book{5shamma_game,
title = {Game Theory},
year = {1991},
note = {Translated into Chinesse by Renin University Press, Bejing: China. },
publisher = {MIT Press},
organization = {MIT Press},
address = {Cambridge, MA},
author = {Drew Fudenberg and Jean Tirole}
}

@book{6shamma_course,
author = {Osborne, Martin and Rubinstein, Ariel},
year = {1994},
month = {01},
pages = {},
title = {A course in Game Theory},
volume = {63},
journal = {Economica},
doi = {10.2307/2554642}
}

@book{7shamma_prediction,
author = {Cesa-Bianchi, Nicolò and Lugosi, Gábor},
year = {2006},
month = {01},
pages = {},
title = {Prediction, Learning, and Games},
isbn = {978-0-521-84108-5},
journal = {Prediction, Learning, and Games},
doi = {10.1017/CBO9780511546921}
}

@book{9shamma_algorithmic,
author = {Nisan, Noam and Roughgarden, Tim and Tardos, Éva and Vazirani, Vijay},
year = {2007},
month = {01},
pages = {},
title = {Algorithmic Game Theory},
doi = {10.1017/CBO9780511800481.020}
}

@book{10shamma_dynamic,
author = {sar, Tamer and Olsder, G.J.},
year = {1995},
month = {01},
pages = {},
title = {Dynamic Noncooperative Game Theory}
}

@article{11shamma_game,
author = {Bauso, Dario},
year = {2014},
month = {10},
pages = {379-522},
title = {Game Theory: Models, Numerical Methods and Applications},
volume = {1},
journal = {Foundations and Trends in Systems and Control},
doi = {10.1561/2600000003}
}

@book{12shamma_noncooperative,
author = {Hespanha, Joao},
year = {2017},
month = {12},
pages = {},
title = {Noncooperative Game Theory: An Introduction for Engineers and Computer Scientists},
isbn = {9781400885442},
doi = {10.1515/9781400885442}
}

@article{40t_algorithms,
author = {Sagratella, Simone},
year = {2017},
month = {12},
pages = {},
title = {Algorithms for generalized potential games with mixed-integer variables},
volume = {68},
journal = {Computational Optimization and Applications},
doi = {10.1007/s10589-017-9927-4}
}





% kinematic -------------------------------------------------------
@article{kinematic,
  title={Control of unicycle type robots tracking, path following and point stabilization},
  author={Carona, Ricardo and Aguiar, A Pedro and Gaspar, Jose},
  year={2008},
  publisher={Citeseer}
}



@article{BEMPORAD1999407,
title = {Control of systems integrating logic, dynamics, and constraints},
journal = {Automatica},
volume = {35},
number = {3},
pages = {407-427},
year = {1999},
issn = {0005-1098},
doi = {https://doi.org/10.1016/S0005-1098(98)00178-2},
url = {https://www.sciencedirect.com/science/article/pii/S0005109898001782},
author = {Alberto Bemporad and Manfred Morari},
}


% --------------------------------------
% TESTBED
% aruco
@article{aruco,
  title={Automatic generation and detection of highly reliable fiducial markers under occlusion},
  author={Garrido-Jurado, Sergio and Mu{\~n}oz-Salinas, Rafael and Madrid-Cuevas, Francisco Jos{\'e} and Mar{\'\i}n-Jim{\'e}nez, Manuel Jes{\'u}s},
  journal={Pattern Recognition},
  volume={47},
  number={6},
  pages={2280--2292},
  year={2014},
  publisher={Elsevier}
}

@article{13t_distributed,
author = {Dunbar, William and Murray, Richard},
year = {2006},
month = {04},
pages = {549-558},
title = {Distributed receding horizon control for multi-vehicle formation stabilization},
volume = {42},
journal = {Automatica},
doi = {10.1016/j.automatica.2005.12.008}
}

@article{32t_DMPC,
author = {Mohseni, Fatemeh and Frisk, Erik and Åslund, Jan and Nielsen, Lars},
year = {2017},
month = {07},
pages = {8531-8536},
title = {Distributed Model Predictive Control for Highway Maneuvers},
volume = {50},
journal = {IFAC-PapersOnLine},
doi = {10.1016/j.ifacol.2017.08.1406}
}

@article{12t_Dist_multiagent,
author = {Dunbar, William},
year = {2004},
month = {01},
pages = {},
title = {Distributed Receding Horizon Control of Multiagent Systems}
}

@inproceedings{51t_aveh2veh,
author = {Yang, Xue and Liu, Jie and Zhao, Feng and Vaidya, Nitin},
year = {2004},
month = {01},
pages = {114-123},
title = {A Vehicle-to-Vehicle Communication Protocol for Cooperative Collision Warning.},
doi = {10.1109/MOBIQ.2004.1331717}
}

@article{multivehicle,
author = {Fabiani, Filippo and Grammatico, Sergio},
year = {2019},
month = {03},
pages = {1-10},
title = {Multi-Vehicle Automated Driving as a Generalized Mixed-Integer Potential Game},
volume = {PP},
journal = {IEEE Transactions on Intelligent Transportation Systems},
doi = {10.1109/TITS.2019.2901505}
}

@article{agrobots,
author = {Ospina Gaitan, Nestor and Mojica-Nava, Eduardo and Jaimes, L.G. and Calderon, Juan},
year = {2021},
month = {01},
pages = {256-261},
title = {ARGroHBotS: An Affordable and Replicable Ground Homogeneous Robot Swarm Testbed},
volume = {54},
journal = {IFAC-PapersOnLine},
doi = {10.1016/j.ifacol.2021.10.455}
}


@article{mohamed,
author = {Worthmann, Karl and Mehrez, Mohamed and Zanon, Mario and Mann, G.K.I. and Gosine, Ray and Diehl, Moritz},
year = {2015},
month = {10},
pages = {1-13},
title = {Model Predictive Control of Nonholonomic Mobile Robots Without Stabilizing Constraints and Costs},
volume = {24},
journal = {IEEE Transactions on Control Systems Technology},
doi = {10.1109/TCST.2015.2488589}
}

@article{Gurobi,
  title={gurobi optimizer reference manual, },
  author={LLC Gurobi Optimization.},
  year={2021},
  publisher={GUROBI}
}

@article{81t,
author = {Brock, Oliver and Khatib, Oussama},
year = {2000},
month = {01},
pages = {},
title = {High-Speed Navigation Using the Global Dynamic Window Approach}
}

@article{Matlab,
  title={Matlab Optimizacion Toolbox, },
  author={Clever Moler.},
  year={2022},
  publisher={MathWorks}
}


@phdthesis{1t_network,
author = {Alrifaee, Bassam},
year = {2017},
month = {05},
pages = {},
title = {Networked Model Predictive Control for Vehicle Collision Avoidance},
doi = {10.18154/RWTH-2017-04199}
}

@inproceedings{2t_centraliz,
author = {Alrifaee, Bassam and Ghanbarpour, Masoumeh and Abel, Dirk},
year = {2014},
month = {10},
pages = {},
title = {Centralized Non-Convex Model Predictive Control for Cooperative Collision Avoidance of Networked Vehicles},
doi = {10.1109/ISIC.2014.6967623}
}

@inproceedings{3t_sequential,
author = {Alrifaee, Bassam and Maczijewski, Janis and Abel, Dirk},
year = {2017},
month = {08},
pages = {},
title = {Sequential Convex Programming MPC for Dynamic Vehicle Collision Avoidance},
doi = {10.1109/CCTA.2017.8062778}
}